@article{greenwade93,
    author  = "George D. Greenwade",
    title   = "The {C}omprehensive {T}ex {A}rchive {N}etwork ({CTAN})",
    year    = "1993",
    journal = "TUGBoat",
    volume  = "14",
    number  = "3",
    pages   = "342--351"
}
@book{antonov2015spring,
	title={Spring Boot Cookbook},
	author={Antonov, Alex},
	year={2015},
	publisher={Packt Publishing Ltd}
}

@article{farosProposal,
	title={Faros master thesis proposal}
	author={Faros}
	year={2016}
	publisher={info@faros.be}
}

@misc{JavaTool10:online,
	author = {},
	title = {Java Tools and Technologies Landscape Report 2016 | zeroturnaround.com zeroturnaround.com},
	howpublished = {\url{https://zeroturnaround.com/rebellabs/java-tools-and-technologies-landscape-2016/}},
	month = {},
	year = {},
	note = {(Accessed on 04/27/2017)}
}
@misc{SpringPopular1:online,
	author = {},
	title = {What is good about the Spring Framework that made it among the most popular Java web frameworks in 2014? - Quora},
	howpublished = {\url{https://www.quora.com/What-is-good-about-the-Spring-Framework-that-made-it-among-the-most-popular-Java-web-frameworks-in-2014}},
	month = {},
	year = {},
	note = {(Accessed on 04/27/2017)}
}